<record><leader>00000cas a2200000 a 4500</leader><controlfield tag="001">1781880</controlfield><controlfield tag="008">751101d18501958moumr ne      0    0ger c</controlfield><datafield ind1=" " ind2=" " tag="010"><subfield code="a">   00221318 </subfield><subfield code="z">   48041778 </subfield></datafield><datafield ind1=" " ind2=" " tag="040"><subfield code="a">MUL</subfield><subfield code="b">eng</subfield><subfield code="c">MUL</subfield><subfield code="d">PIT</subfield><subfield code="d">MQN</subfield><subfield code="d">OCL</subfield><subfield code="d">ATL</subfield><subfield code="d">OCLCQ</subfield><subfield code="d">OCLCF</subfield><subfield code="d">OCLCO</subfield></datafield><datafield ind1="1" ind2=" " tag="029"><subfield code="a">AU@</subfield><subfield code="b">000021431611</subfield></datafield><datafield ind1=" " ind2=" " tag="042"><subfield code="a">pcc</subfield></datafield><datafield ind1="1" ind2="4" tag="050"><subfield code="a">BX7901</subfield></datafield><datafield ind1="0" ind2=" " tag="130"><subfield code="a">Friedensbote (Saint Louis, Mo.)</subfield></datafield><datafield ind1="1" ind2="4" tag="245"><subfield code="a">Der Friedensbote.</subfield></datafield><datafield ind1="1" ind2="3" tag="246"><subfield code="a">Kirchenzeitung der Evangelischen und Reformierten Kirche</subfield><subfield code="f">1946-1958</subfield></datafield><datafield ind1=" " ind2=" " tag="260"><subfield code="a">St. Louis :</subfield><subfield code="b">Evangelischen Kirchenverein des Westens,</subfield><subfield code="c">[1850-1958]</subfield></datafield><datafield ind1=" " ind2=" " tag="300"><subfield code="a">110 v.</subfield></datafield><datafield ind1=" " ind2=" " tag="310"><subfield code="a">Monthly,</subfield><subfield code="b">1958</subfield></datafield><datafield ind1=" " ind2=" " tag="321"><subfield code="a">Monthly,</subfield><subfield code="b">1850-1857</subfield></datafield><datafield ind1=" " ind2=" " tag="321"><subfield code="a">Semimonthly,</subfield><subfield code="b">1858-1895</subfield></datafield><datafield ind1=" " ind2=" " tag="321"><subfield code="a">Weekly,</subfield><subfield code="b">1896-1948</subfield></datafield><datafield ind1=" " ind2=" " tag="321"><subfield code="a">Biweekly,</subfield><subfield code="b">1949-May 20, 1951</subfield></datafield><datafield ind1=" " ind2=" " tag="321"><subfield code="a">Biweekly (except July-Aug.),</subfield><subfield code="b">June 3, 1951-Jan. 29, 1956</subfield></datafield><datafield ind1=" " ind2=" " tag="321"><subfield code="a">Every 3 weeks,</subfield><subfield code="b">Feb. 19, 1956-1957</subfield></datafield><datafield ind1="0" ind2=" " tag="362"><subfield code="a">Jahrg. 1, no. 1 (1. Jan. 1850)-Jahrg. 97, Nr. 11 (17. Ma&#776;rz 1946); n.F., Jahrg. 1, Nr. 12 (24. Ma&#776;rz 1946)-n.F., Jahrg. 13, Nr. 12 (Dez. 1958).</subfield></datafield><datafield ind1=" " ind2=" " tag="500"><subfield code="a">Title from caption.</subfield></datafield><datafield ind1=" " ind2=" " tag="515"><subfield code="a">Issues for Jan. 6, 1946-Mar. 17, 1946 called 97. Jahrg. (Friedensbote) and 116. Jahrg. (Kirchenzeitung).</subfield></datafield><datafield ind1=" " ind2=" " tag="525"><subfield code="a">Supplements accompany some issues.</subfield></datafield><datafield ind1=" " ind2=" " tag="530"><subfield code="a">Also issued on microfilm by American Theological Library Association.</subfield></datafield><datafield ind1=" " ind2=" " tag="550"><subfield code="a">Official publication 1850-June 1866 of the Evangelischer Kirchverein des Westens; July 1866-Oct. 1, 1877, Evangelische Synode des Westens; 1878-1925, Deutschen Evangelischen Synode von Nord-Amerika; 1926-1934, Evangelical Synod of North America; 1935-1958, Evangelical and Reformed Church.</subfield></datafield><datafield ind1="2" ind2="0" tag="610"><subfield code="a">Evangelical and Reformed Church</subfield><subfield code="v">Newspapers.</subfield></datafield><datafield ind1=" " ind2="7" tag="655"><subfield code="a">Newspapers.</subfield><subfield code="2">fast</subfield><subfield code="0">(OCoLC)fst01423814</subfield></datafield><datafield ind1="2" ind2="7" tag="610"><subfield code="a">Evangelical and Reformed Church.</subfield><subfield code="2">fast</subfield><subfield code="0">(OCoLC)fst00529475</subfield></datafield><datafield ind1="2" ind2=" " tag="710"><subfield code="a">Evangelical and Reformed Church.</subfield></datafield><datafield ind1="2" ind2=" " tag="710"><subfield code="a">Evangelical Synod of North America.</subfield></datafield><datafield ind1="2" ind2=" " tag="710"><subfield code="a">German Evangelical Synod of North America.</subfield></datafield><datafield ind1="2" ind2=" " tag="710"><subfield code="a">German Evangelical Church Union of the West.</subfield></datafield><datafield ind1="2" ind2=" " tag="710"><subfield code="a">German Evangelical Synod of the West.</subfield></datafield><datafield ind1="1" ind2=" " tag="776"><subfield code="c">Microfilm</subfield><subfield code="d">American Theological Library Association</subfield><subfield code="w">(DLC)   00221319</subfield><subfield code="w">(OCoLC)43760249</subfield></datafield><datafield ind1="0" ind2="5" tag="780"><subfield code="t">Kirchenzeitung</subfield><subfield code="g">1946</subfield></datafield></record>